<record xmlns='http://www.loc.gov/MARC21/slim'><leader>01337cim a22003852u 4500</leader><controlfield tag='001'>3600516</controlfield><controlfield tag='005'>20151214182615.0</controlfield><controlfield tag='007'>ss|lmnjluz|nuu</controlfield><controlfield tag='008'>991101s1986    nyunnn         l    eng d</controlfield><datafield ind1=' ' ind2=' ' tag='035'><subfield code='a'>(NIC)notisASF7581</subfield></datafield><datafield ind1=' ' ind2=' ' tag='035'><subfield code='a'>3600516</subfield></datafield><datafield ind1=' ' ind2=' ' tag='035'><subfield code='a'>(OCoLC)63896174</subfield></datafield><datafield ind1=' ' ind2=' ' tag='040'><subfield code='a'>NIC</subfield><subfield code='c'>NIC</subfield><subfield code='d'>NIC</subfield><subfield code='d'>NIC</subfield><subfield code='d'>NIC</subfield></datafield><datafield ind1='1' ind2=' ' tag='100'><subfield code='a'>Vlastos, Gregory.</subfield></datafield><datafield ind1='1' ind2='0' tag='245'><subfield code='a'>Socratic irony</subfield><subfield code='h'>[sound recording]</subfield></datafield><datafield ind1=' ' ind2=' ' tag='260'><subfield code='c'>1986.</subfield></datafield><datafield ind1=' ' ind2=' ' tag='300'><subfield code='a'>1 sound cassette (60 min.) :</subfield><subfield code='b'>analog, mono.</subfield></datafield><datafield ind1=' ' ind2=' ' tag='500'><subfield code='a'>Recorded in Ithaca, NY by Cornell University.</subfield></datafield><datafield ind1=' ' ind2=' ' tag='500'><subfield code='a'>Accompanied by: Notes.</subfield></datafield><datafield ind1=' ' ind2=' ' tag='500'><subfield code='a'>Sponsored by: Classics, Department of.</subfield></datafield><datafield ind1=' ' ind2=' ' tag='518'><subfield code='a'>Lecture, February 28, 1986.</subfield></datafield><datafield ind1=' ' ind2=' ' tag='520'><subfield code='a'>Vlastos discusses and defines common uses of irony by referring to the classical works of Aristotle and Socrates.</subfield></datafield><datafield ind1=' ' ind2=' ' tag='540'><subfield code='a'>No reproductions authorized.</subfield></datafield><datafield ind1=' ' ind2='0' tag='650'><subfield code='a'>Irony.</subfield></datafield><datafield ind1=' ' ind2='0' tag='650'><subfield code='a'>Irony in literature.</subfield></datafield><datafield ind1='0' ind2='0' tag='600'><subfield code='a'>Socrates.</subfield></datafield><datafield ind1='0' ind2='0' tag='600'><subfield code='a'>Aristotle.</subfield></datafield><datafield ind1='0' ind2='7' tag='600'><subfield code='a'>Aristotle</subfield><subfield code='2'>fast</subfield><subfield code='0'>(OCoLC)fst00029885</subfield></datafield><datafield ind1='0' ind2='7' tag='600'><subfield code='a'>Socrates</subfield><subfield code='2'>fast</subfield><subfield code='0'>(OCoLC)fst00035600</subfield></datafield><datafield ind1=' ' ind2='7' tag='650'><subfield code='a'>Irony</subfield><subfield code='2'>fast</subfield><subfield code='0'>(OCoLC)fst00979386</subfield></datafield><datafield ind1=' ' ind2='7' tag='650'><subfield code='a'>Irony in literature</subfield><subfield code='2'>fast</subfield><subfield code='0'>(OCoLC)fst00979394</subfield></datafield><datafield ind1=' ' ind2='0' tag='830'><subfield code='a'>Cornell studies in classical philology.</subfield><subfield code='p'>Townsend lectures.</subfield></datafield><datafield ind1='1' ind2=' ' tag='899'><subfield code='a'>CULectures</subfield></datafield><datafield ind1=' ' ind2=' ' tag='905'><subfield code='a'>20000313120000.0</subfield></datafield><datafield ind1='2' ind2=' ' tag='948'><subfield code='a'>20141221</subfield><subfield code='b'>m</subfield><subfield code='d'>batch</subfield><subfield code='e'>lts</subfield><subfield code='x'>addfast</subfield></datafield></record>